%% This BibTeX bibliography file was created using BibDesk.
%% http://bibdesk.sourceforge.net/

%% Created for AZAMUKE DENISH at 2018-04-19 11:17:48 +0300 


%% Saved with string encoding Unicode (UTF-8) 



@article{kreutz2015software,
	Author = {Kreutz, Diego and Ramos, Fernando MV and Verissimo, Paulo Esteves and Rothenberg, Christian Esteve and Azodolmolky, Siamak and Uhlig, Steve},
	Date-Added = {2018-04-19 08:16:56 +0000},
	Date-Modified = {2018-04-19 08:16:56 +0000},
	Journal = {Proceedings of the IEEE},
	Number = {1},
	Pages = {14--76},
	Publisher = {Ieee},
	Title = {Software-defined networking: A comprehensive survey},
	Volume = {103},
	Year = {2015}}

@article{de2006can,
	Author = {De Freitas, Sara and Oliver, Martin},
	Date-Added = {2018-04-19 08:15:55 +0000},
	Date-Modified = {2018-04-19 08:15:55 +0000},
	Journal = {Computers \& education},
	Number = {3},
	Pages = {249--264},
	Publisher = {Elsevier},
	Title = {How can exploratory learning with games and simulations within the curriculum be most effectively evaluated?},
	Volume = {46},
	Year = {2006}}

@article{ladegaardconference,
	Author = {Ladegaard, Hans J and Cheng, Winnie},
	Date-Added = {2018-04-19 08:14:57 +0000},
	Date-Modified = {2018-04-19 08:14:57 +0000},
	Title = {Conference Programme (Format A)}}

@article{myller2009extending,
	Author = {Myller, Niko and Bednarik, Roman and Sutinen, Erkki and Ben-Ari, Mordechai},
	Date-Added = {2018-04-19 08:13:09 +0000},
	Date-Modified = {2018-04-19 08:13:09 +0000},
	Journal = {ACM Transactions on Computing Education (TOCE)},
	Number = {1},
	Pages = {7},
	Publisher = {ACM},
	Title = {Extending the engagement taxonomy: Software visualization and collaborative learning},
	Volume = {9},
	Year = {2009}}

@book{hammond2015impact,
	Author = {Hammond, Tracy and Valentine, Stephanie and Adler, Aaron and Payton, Mark},
	Date-Added = {2018-04-19 08:12:01 +0000},
	Date-Modified = {2018-04-19 08:12:01 +0000},
	Publisher = {Springer},
	Title = {The impact of pen and touch technology on education},
	Year = {2015}}

@article{kumar2017conceptualization,
	Author = {Kumar, K Sudheer and Syed, Khamruddin},
	Date-Added = {2018-04-19 08:07:06 +0000},
	Date-Modified = {2018-04-19 08:07:06 +0000},
	Journal = {Journal of Engineering Education Transformations},
	Number = {4},
	Pages = {34--39},
	Title = {Conceptualization of Data Structures Course using Visualization Techniques-A Case Study},
	Volume = {30},
	Year = {2017}}

@book{blank2012folk,
	Author = {Blank, Trevor J},
	Date-Added = {2018-04-19 08:05:42 +0000},
	Date-Modified = {2018-04-19 08:05:42 +0000},
	Publisher = {University Press of Colorado},
	Title = {Folk culture in the digital age: The emergent dynamics of human interaction},
	Year = {2012}}

@inproceedings{lister2004dimensions,
	Author = {Lister, Raymond and Box, Ilona and Morrison, Briana and Tenenberg, Josh and Westbrook, D Suzanne},
	Booktitle = {ACM SIGCSE Bulletin},
	Date-Added = {2018-04-19 08:03:49 +0000},
	Date-Modified = {2018-04-19 08:03:49 +0000},
	Number = {3},
	Organization = {ACM},
	Pages = {92--96},
	Title = {The dimensions of variation in the teaching of data structures},
	Volume = {36},
	Year = {2004}}

@article{trinkle1997dynamic,
	Author = {Trinkle, Jeffrey C and Pang, J-S and Sudarsky, Sandra and Lo, Grace},
	Date-Added = {2018-04-19 08:00:45 +0000},
	Date-Modified = {2018-04-19 08:00:45 +0000},
	Journal = {ZAMM-Journal of Applied Mathematics and Mechanics/Zeitschrift f{\"u}r Angewandte Mathematik und Mechanik},
	Number = {4},
	Pages = {267--279},
	Publisher = {Wiley Online Library},
	Title = {On Dynamic Multi-Rigid-Body Contact Problems with Coulomb Friction},
	Volume = {77},
	Year = {1997}}

@inproceedings{bennedsen2004programming,
	Author = {Bennedsen, Jens and Caspersen, Michael E},
	Booktitle = {ACM SIGCSE Bulletin},
	Date-Added = {2018-04-19 07:59:41 +0000},
	Date-Modified = {2018-04-19 07:59:41 +0000},
	Number = {1},
	Organization = {ACM},
	Pages = {477--481},
	Title = {Programming in context: a model-first approach to CS1},
	Volume = {36},
	Year = {2004}}

@article{cook1980best,
	Author = {Cook, Curtis R and Kim, Do Jin},
	Date-Added = {2018-04-19 07:58:40 +0000},
	Date-Modified = {2018-04-19 07:58:40 +0000},
	Journal = {Communications of the ACM},
	Number = {11},
	Pages = {620--624},
	Publisher = {ACM},
	Title = {Best sorting algorithm for nearly sorted lists},
	Volume = {23},
	Year = {1980}}

@book{aho1974design,
	Author = {Aho, Alfred V and Hopcroft, John E},
	Date-Added = {2018-04-19 07:57:39 +0000},
	Date-Modified = {2018-04-19 07:57:39 +0000},
	Publisher = {Pearson Education India},
	Title = {The design and analysis of computer algorithms},
	Year = {1974}}

@article{patel2014literature,
	Author = {Patel, Shirin},
	Date-Added = {2018-04-19 07:55:34 +0000},
	Date-Modified = {2018-04-19 07:55:34 +0000},
	Journal = {University of Capetown},
	Title = {A literature review on Tools for Learning Data Structures},
	Year = {2014}}

@book{gupta2014introduction,
	Author = {Gupta, GK},
	Date-Added = {2018-04-19 07:54:22 +0000},
	Date-Modified = {2018-04-19 07:54:22 +0000},
	Publisher = {PHI Learning Pvt. Ltd.},
	Title = {Introduction to data mining with case studies},
	Year = {2014}}

@inproceedings{jarc1998empirical,
	Author = {Jarc, Duane J and Feldman, Michael B},
	Booktitle = {ACM SIGAda Ada Letters},
	Date-Added = {2018-04-19 07:53:00 +0000},
	Date-Modified = {2018-04-19 07:53:00 +0000},
	Number = {6},
	Organization = {ACM},
	Pages = {68--74},
	Title = {An empirical study of Web-based algorithm animation courseware in an Ada data structure course},
	Volume = {18},
	Year = {1998}}

@inproceedings{brown1993algorithm,
	Author = {Brown, Marc H and Najork, Marc A},
	Booktitle = {Proceedings of the 6th annual ACM symposium on User interface software and technology},
	Date-Added = {2018-04-19 07:51:35 +0000},
	Date-Modified = {2018-04-19 07:51:35 +0000},
	Organization = {ACM},
	Pages = {93--100},
	Title = {Algorithm animation using 3d interactive graphics},
	Year = {1993}}

@inproceedings{hendrix2004extensible,
	Author = {Hendrix, T Dean and Cross II, James H and Barowski, Larry A},
	Booktitle = {ACM SIGCSE Bulletin},
	Date-Added = {2018-04-19 07:49:35 +0000},
	Date-Modified = {2018-04-19 07:49:35 +0000},
	Number = {1},
	Organization = {ACM},
	Pages = {387--391},
	Title = {An extensible framework for providing dynamic data structure visualizations in a lightweight IDE},
	Volume = {36},
	Year = {2004}}

@inproceedings{chen2001tool,
	Author = {Chen, Tao and Sobh, Tarek},
	Booktitle = {Frontiers in Education Conference, 2001. 31st Annual},
	Date-Added = {2018-04-19 07:48:18 +0000},
	Date-Modified = {2018-04-19 07:48:18 +0000},
	Organization = {IEEE},
	Pages = {TID--2},
	Title = {A tool for data structure visualization and user-defined algorithm animation},
	Volume = {1},
	Year = {2001}}

@book{russell2016artificial,
	Author = {Russell, Stuart J and Norvig, Peter},
	Date-Added = {2018-04-19 07:44:57 +0000},
	Date-Modified = {2018-04-19 07:44:57 +0000},
	Publisher = {Malaysia; Pearson Education Limited,},
	Title = {Artificial intelligence: a modern approach},
	Year = {2016}}

@article{shaffer2012data,
	Author = {Shaffer, Clifford A},
	Date-Added = {2018-04-19 07:34:38 +0000},
	Date-Modified = {2018-04-19 07:34:38 +0000},
	Journal = {Update},
	Pages = {0--3},
	Title = {Data Structures and Algorithm Analysis},
	Volume = {3},
	Year = {2012}}
